Month,Sales
2021-01,88
2021-02,84
2021-03,85
2021-04,85
2021-05,84
2021-06,85
2021-07,83
2021-08,85
2021-09,88
2021-10,89
2021-11,91
2021-12,99
2022-01,104
2022-02,112
2022-03,126
2022-04,138
2022-05,146
2022-06,151
2022-07,150
2022-08,148
2022-09,147
2022-10,149
2022-11,143
2022-12,132
2023-01,131
2023-02,139
